@misc{姜启源2003数学模型,
  title={Math model},
  author={Qiyuan, Jiang},
  year={2003},
  publisher={Higher Education Press}
}

@article{murata1989petri,
  title={Petri nets: Properties, analysis and applications},
  author={Murata, Tadao},
  journal={Proceedings of the IEEE},
  volume={77},
  number={4},
  pages={541--580},
  year={1989},
  publisher={IEEE}
}

@misc{数学模型及其应用,
  title={Mathematical Model and Its Application},
  author={Mingqiang, Dai},
  number={2},
  year={2015},
  publisher={Higher Education Press}
}

@book{基温2002java,
  title={Java program development tutorial},
  author={Ji, Weng},
  year={2002},
  publisher={Tsinghua University Press}
}

@article{王福保1984概率论及数理统计,
  title={Probability Theory and Mathematical Statistics},
  author={Baofu, Wang},
  journal={Shanghai Tongji University Press, 1984},
  year={1984}
}

@phdthesis{李凌2009民航机场安检信息管理系统开发与实施,
  title={Development and Implementation of Civil Aviation Airport Security Information Management System [D]},
  author={Ling, Li},
  year={2009},
  school={China Chengdu: Southwest Jiaotong University}
}

@article{曾俊杰2009机场安检设置与优化,
  title={Airport Security Setup and Optimization},
  author={Junjie,Zeng},
  journal={Knowledge economy},
  number={12},
  pages={173--174},
  year={2009}
}